@String(PAMI = {IEEE Trans. Pattern Anal. Mach. Intell.})
@String(IJCV = {Int. J. Comput. Vis.})
@String(CVPR= {IEEE Conf. Comput. Vis. Pattern Recog.})
@String(ICCV= {Int. Conf. Comput. Vis.})
@String(ECCV= {Eur. Conf. Comput. Vis.})
@String(NIPS= {Adv. Neural Inform. Process. Syst.})
@String(ICPR = {Int. Conf. Pattern Recog.})
@String(BMVC= {Brit. Mach. Vis. Conf.})
@String(TOG= {ACM Trans. Graph.})
@String(TIP  = {IEEE Trans. Image Process.})
@String(TVCG  = {IEEE Trans. Vis. Comput. Graph.})
@String(TMM  = {IEEE Trans. Multimedia})
@String(ACMMM= {ACM Int. Conf. Multimedia})
@String(ICME = {Int. Conf. Multimedia and Expo})
@String(ICASSP=	{ICASSP})
@String(ICIP = {IEEE Int. Conf. Image Process.})
@String(ACCV  = {ACCV})
@String(ICLR = {Int. Conf. Learn. Represent.})
@String(IJCAI = {IJCAI})
@String(PR   = {Pattern Recognition})
@String(AAAI = {AAAI})
@String(CVPRW= {IEEE Conf. Comput. Vis. Pattern Recog. Worksh.})
@String(CSVT = {IEEE Trans. Circuit Syst. Video Technol.})

@String(SPL	= {IEEE Sign. Process. Letters})
@String(VR   = {Vis. Res.})
@String(JOV	 = {J. Vis.})
@String(TVC  = {The Vis. Comput.})
@String(JCST  = {J. Comput. Sci. Tech.})
@String(CGF  = {Comput. Graph. Forum})
@String(CVM = {Computational Visual Media})


@String(PAMI  = {IEEE TPAMI})
@String(IJCV  = {IJCV})
@String(CVPR  = {CVPR})
@String(ICCV  = {ICCV})
@String(ECCV  = {ECCV})
@String(NIPS  = {NeurIPS})
@String(ICPR  = {ICPR})
@String(BMVC  =	{BMVC})
@String(TOG   = {ACM TOG})
@String(TIP   = {IEEE TIP})
@String(TVCG  = {IEEE TVCG})
@String(TCSVT = {IEEE TCSVT})
@String(TMM   =	{IEEE TMM})
@String(ACMMM = {ACM MM})
@String(ICME  =	{ICME})
@String(ICASSP=	{ICASSP})
@String(ICIP  = {ICIP})
@String(ACCV  = {ACCV})
@String(ICLR  = {ICLR})
@String(IJCAI = {IJCAI})
@String(PR = {PR})
@String(AAAI = {AAAI})
@String(CVPRW= {CVPRW})
@String(CSVT = {IEEE TCSVT})

%1
@inproceedings{lee2021benchmarking,
author = {Lee, J. and Wang, P. and Xu, R. and Dasari, V. and Weston, N. and Li, Y. and Bagchi, S. and Chaterji, S.},
title = {Benchmarking video object detection systems on embedded devices under resource contention},
booktitle = {Proceedings of the 5th International Workshop on embedded and Mobile Deep Learning},
year = {2021},
organization = {ACM Conferences},
url = {https://dl.acm.org/doi/10.1145/3469116.3470010},
accessdate = {2022-10-15}
}

%2
@article{li2019object,
author = {Li, K. and Wan, G. and Cheng, G. and Meng, L. and Han, J.},
title = {Object detection in optical remote sensing images: A survey and a new benchmark},
journal = {ISPRS Journal of Photogrammetry and Remote Sensing},
year = {2019},
url = {https://www.sciencedirect.com/science/article/abs/pii/S0924271619302825},
accessdate = {2022-10-15}
}

%3
@inproceedings{chen2022mobileformer,
author = {Chen, Y. and Dai, X. and Chen, D. and Liu, M. and Dong, X. and Yuan, L. and Liu, Z.},
title = {Mobile-Former: Bridging Mobilenet and Transformer},
booktitle = {CVF Open Access},
year = {2022},
url = {https://openaccess.thecvf.com/content/CVPR2022/html/Chen_Mobile-Former_Bridging_MobileNet_and_Transformer_CVPR_2022_paper.html},
accessdate = {2022-10-12}
}

%4
@article{honegger2014real,
author = {Honegger, D. and Oleynikova, H. and Pollefeys, M.},
title = {Real-time and low latency embedded computer vision hardware based on a combination of FPGA and mobile CPU},
journal = {IEEE Xplore},
year = {2014},
url = {https://ieeexplore.ieee.org/stamp/stamp.jsp?tp=&arnumber=6943263},
accessdate = {2022-10-15}
}

%5
@inproceedings{liu2019edge,
author = {Liu, L. and Li, H. and Gruteser, M.},
title = {Edge assisted real-time object detection for mobile augmented reality},
booktitle = {The 25th Annual International Conference on Mobile Computing and Networking},
year = {2019},
organization = {ACM Conferences},
url = {https://dl.acm.org/doi/abs/10.1145/3300061.3300116},
accessdate = {2022-10-15}
}

%6
@inproceedings{ganesh2022yoloret,
author = {Ganesh, P. and Chen, Y. and Yang, Y. and Chen, D. and Winslett, M.},
title = {YOLO-ReT: Towards high accuracy real-time object detection on edge GPUs},
booktitle = {CVF Open Access},
year = {2022},
howpublished = {CVF Open Access},
url = {https://openaccess.thecvf.com/content/WACV2022/papers/Ganesh_YOLO-ReT_Towards_High_Accuracy_Real-Time_Object_Detection_on_Edge_GPUs_WACV_2022_paper.pdf},
accessdate = {2022-10-13}
}

%7
@inproceedings{xiong2021mobiledets,
author = {Xiong, Y. and Liu, H. and Gupta, S. and Akin, B. and Bender, G. and Wang, Y. and Kindermans, P.-J. and Tan, M. and Singh, V. and Chen, B.},
title = {MobileDets: Searching for object detection architectures for mobile...},
booktitle = {CVF Open Access},
year = {2021},
url = {https://openaccess.thecvf.com/content/CVPR2021/papers/Xiong_MobileDets_Searching_for_Object_Detection_Architectures_for_Mobile_Accelerators_CVPR_2021_paper.pdf},
accessdate = {2022-10-14}
}

%8
@inproceedings{li2021npas,
author = {Li, Z. and Yuan, G. and Niu, W. and Zhao, P. and Li, Y. and Cai, Y. and Shen, X. and Zhan, Z. and Kong, Z. and Jin, Q. and Chen, Z. and Liu, S. and Yang, K. and Ren, B. and Wang, Y. and Lin, X.},
title = {NPAS: A compiler-aware framework of unified network pruning and architecture search for beyond real-time mobile acceleration},
booktitle = {CVF Open Access},
year = {2021},
url = {https://openaccess.thecvf.com/content/CVPR2021/html/Li_NPAS_A_Compiler-Aware_Framework_of_Unified_Network_Pruning_and_Architecture_CVPR_2021_paper.html},
accessdate = {2022-10-14}
}

%9
@inproceedings{qin2019thundernet,
author = {Qin, Z. and Li, Z. and Zhang, Z. and Bao, Y. and Yu, G. and Peng, Y. and Sun, J.},
title = {ThunderNet: Towards real-time generic object detection on mobile devices},
booktitle = {CVF Open Access},
year = {2019},
url = {https://openaccess.thecvf.com/content_ICCV_2019/papers/Qin_ThunderNet_Towards_Real-Time_Generic_Object_Detection_on_Mobile_Devices_ICCV_2019_paper.pdf},
accessdate = {2022-10-12}
}

%10
@article{mao2016real,
author = {Mao, H. and Wang, Y. and Yao, J. and Li, B. and Tang, T. and Yao, S.},
title = {Towards real-time object detection on embedded systems},
journal = {IEEE Xplore},
year = {2016},
url = {https://ieeexplore.ieee.org/document/7543495},
accessdate = {2022-11-13}
}

%11
@article{ullah2020cpu,
author = {Ullah, B.},
title = {CPU based Yolo: A real-time object detection algorithm},
journal = {IEEE Xplore},
year = {2020},
month = {Nov.},
volume = {1},
pages = {1-7},
doi = {10.1109/IETEC.2020.3021505},
url = {https://ieeexplore.ieee.org/document/9230778},
accessdate = {2022-11-13}
}

%12
@misc{everingham2012pascal,
author = {Everingham, M. and Van~Gool, L. and Williams, C. and Winn, J. and Zisserman, A.},
title = {The Pascal Visual Object Classes Challenge 2012 (VOC2012) development kit},
year = {2012},
howpublished = {Visual Object Classes Challenge 2012 (VOC2012)},
url = {http://host.robots.ox.ac.uk/pascal/VOC/voc2012/devkit_doc.pdf},
accessdate = {2022-10-15}
}

%13
@misc{lin2015microsoft,
author = {Lin, T.-Y. and Maire, M. and Belongie, S. and Bourdev, L. and Girshick, R. and Hays, J. and Perona, P. and Ramanan, D. and Zitnick, C. L. and Dollár, P.},
title = {Microsoft Coco: Common Objects in Context},
year = {2015},
howpublished = {arXiv.org},
url = {https://arxiv.org/abs/1405.0312},
accessdate = {2022-11-13}
}

%14
@misc{imagenet,
author = {J. Deng and W. Dong and R. Socher and L.-J. Li and L. Fei-Fei},
title = {{ImageNet}: A Large-Scale Hierarchical Image Database},
howpublished = {\url{https://image-net.org/static_files/papers/imagenet_cvpr09.pdf}},
year = {2009},
note = {[Accessed: 14-Nov-2022]}
}


%15
@misc{yolov8_ultralytics,
  author = {Glenn Jocher and Ayush Chaurasia and Jing Qiu},
  title = {Ultralytics YOLOv8},
  version = {8.0.0},
  year = {2023},
  url = {https://github.com/ultralytics/ultralytics},
  orcid = {0000-0001-5950-6979, 0000-0002-7603-6750, 0000-0003-3783-7069},
  license = {AGPL-3.0}
}

%16
@misc{tan2020efficientdet,
      title={EfficientDet: Scalable and Efficient Object Detection}, 
      author={Mingxing Tan and Ruoming Pang and Quoc V. Le},
      year={2020},
      eprint={1911.09070},
      archivePrefix={arXiv},
      primaryClass={cs.CV}
}

%17
@inbook{Liu_2016,
   title={SSD: Single Shot MultiBox Detector},
   ISBN={9783319464480},
   ISSN={1611-3349},
   url={http://dx.doi.org/10.1007/978-3-319-46448-0_2},
   DOI={10.1007/978-3-319-46448-0_2},
   booktitle={Lecture Notes in Computer Science},
   publisher={Springer International Publishing},
   author={Liu, Wei and Anguelov, Dragomir and Erhan, Dumitru and Szegedy, Christian and Reed, Scott and Fu, Cheng-Yang and Berg, Alexander C.},
   year={2016},
   pages={21–37} }

%18
@misc{ren2016faster,
      title={Faster R-CNN: Towards Real-Time Object Detection with Region Proposal Networks}, 
      author={Shaoqing Ren and Kaiming He and Ross Girshick and Jian Sun},
      year={2016},
      eprint={1506.01497},
      archivePrefix={arXiv},
      primaryClass={cs.CV}
}
